% Encoding: UTF-8

@Book{berg2008computational,
  title     = {Computational geometry: algorithms and applications},
  publisher = {Springer-Verlag TELOS},
  year      = {2008},
  author    = {Berg, Mark de and Cheong, Otfried and Kreveld, Marc van and Overmars, Mark},
}

@Comment{jabref-meta: databaseType:bibtex;}
